@article{Newman&Girvan:2004,
    title = {Finding and evaluating community structure in networks},
    author = {Mark E. J. Newman and Michelle Girvan},
    journal = {Physical Review E},
    volume = {69},
    issue = {2},
    pages = {026113},
    numpages = {15},
    year = {2004},
    month = {Feb},
    publisher = {American Physical Society},
    doi = {10.1103/PhysRevE.69.026113},
    url = {http://link.aps.org/doi/10.1103/PhysRevE.69.026113}
}

@article{Newman:2004,
  title = {Fast algorithm for detecting community structure in networks},
  author = {Mark E. J. Newman},
  journal = {Physical Review E},
  volume = {69},
  issue = {6},
  pages = {066133},
  numpages = {5},
  year = {2004},
  month = {Jun},
  publisher = {American Physical Society},
  doi = {10.1103/PhysRevE.69.066133},
  url = {http://link.aps.org/doi/10.1103/PhysRevE.69.066133}
}

@inproceedings{Ovelgoenne&Geyer-Schulz:2010,
  title={Cluster cores and modularity maximization},
  author={Ovelg{\"o}nne, Michael and Geyer-Schulz, Andreas},
  booktitle={Data Mining Workshops (ICDMW), 2010 IEEE International Conference on},
  pages={1204--1213},
  year={2010},
  organization={IEEE}
}

@article{Ovelgoenne&Geyer-Schulz:2012,
  title={An ensemble learning strategy for graph clustering.},
  author={Ovelg{\"o}nne, Michael and Geyer-Schulz, Andreas},
  journal={Graph Partitioning and Graph Clustering},
  volume={588},
  pages={187},
  year={2012}
}

@article{Spall:1992,
  title={Multivariate stochastic approximation using a simultaneous perturbation gradient approximation},
  author={Spall, James C},
  journal={IEEE Transactions on Automatic Control},
  volume={37},
  number={3},
  pages={332--341},
  year={1992},
%  publisher={IEEE}
}

@article{Robbins&Monro:1951,
  added-at = {2008-10-07T16:03:39.000+0200},
  author = {Robbins, H. and Monro, S.},
  biburl = {http://www.bibsonomy.org/bibtex/2cc1b9aa8927ac4952e93f34094a3eaaf/brefeld},
  interhash = {93d54534a08c30eda9e34d1def03ffa3},
  intrahash = {cc1b9aa8927ac4952e93f34094a3eaaf},
  journal = {Annals of Mathematical Statistics},
  keywords = {imported},
  pages = {400-407},
  timestamp = {2008-10-07T16:03:40.000+0200},
  title = {A stochastic approximation method},
  volume = 22,
  year = 1951
}

@ARTICLE{Granichin&Amelina:2014,
	author={Granichin, O. and Amelina, N.}, 
	journal={Automatic Control, IEEE Transactions on}, 
	title={Simultaneous Perturbation Stochastic Approximation for Tracking under Unknown but Bounded Disturbances}, 
	year={2014}, 
	month={}, 
	volume={PP}, 
	number={99}, 
	pages={1-1}, 
	keywords={Approximation algorithms;Approximation methods;Estimation;Heuristic algorithms;Noise;Optimization;Vectors;SPSA;Stochastic approximation;arbitrary noise;randomized algorithm;unknown but bounded disturbances}, 
	doi={10.1109/TAC.2014.2359711}, 
	ISSN={0018-9286}
}

@article{Kiefer&Wolfowitz:1952,
  title={Stochastic estimation of the maximum of a regression function},
  author={Kiefer, Jack and Wolfowitz, Jacob},
  journal={The Annals of Mathematical Statistics},
  volume={23},
  number={3},
  pages={462--466},
  year={1952},
  publisher={Institute of Mathematical Statistics}
}

@article{Blum:1954,
  title={Multidimensional stochastic approximation methods},
  author={Blum, Julius R},
  journal={The Annals of Mathematical Statistics},
  pages={737--744},
  year={1954},
  publisher={JSTOR}
}

@article{Euler:1736,
  title={Methodus universalis series summandi ulterius promota},
  author={Euler, Leonhard},
  journal={Commentarii academiae scientiarum Petropolitanae},
  volume={8},
  number={1736},
  pages={147--158},
  year={1736}
}

@inproceedings{Faloutsos&al:1999,
  title={On power-law relationships of the internet topology},
  author={Faloutsos, Michalis and Faloutsos, Petros and Faloutsos, Christos},
  booktitle={ACM SIGCOMM Computer Communication Review},
  volume={29},
  number={4},
  pages={251--262},
  year={1999},
  organization={ACM}
}

@article{Broder&al:2000,
  title={Graph structure in the web},
  author={Broder, Andrei and Kumar, Ravi and Maghoul, Farzin and Raghavan, Prabhakar and Rajagopalan, Sridhar and Stata, Raymie and Tomkins, Andrew and Wiener, Janet},
  journal={Computer networks},
  volume={33},
  number={1},
  pages={309--320},
  year={2000},
  publisher={Elsevier}
}

@article{Moore&Newman:2000,
  title={Epidemics and percolation in small-world networks},
  author={Moore, Cristopher and Newman, Mark EJ},
  journal={Physical Review E},
  volume={61},
  number={5},
  pages={5678},
  year={2000},
  publisher={APS}
}

@article{Zhao&al:2006,
  title={Complex networks theory for analyzing metabolic networks},
  author={Zhao, Jing and Yu, Hong and Luo, Jianhua and Cao, ZW and Li, Yixue},
  journal={Chinese Science Bulletin},
  volume={51},
  number={13},
  pages={1529--1537},
  year={2006},
  publisher={Springer}
}

@inproceedings{Hong&al:2009,
  title={Criminal behavior analysis based on Complex Networks theory},
  author={Hong, Wang and Zhao-wen, Wang and Jian-bo, Li and Wei, Qiu-hong},
  booktitle={IT in Medicine \& Education, 2009. ITIME'09. IEEE International Symposium on},
  volume={1},
  pages={951--955},
  year={2009},
  organization={IEEE}
}

@book{Scott:2012,
  title={Social network analysis},
  author={Scott, John},
  year={2012},
  publisher={Sage}
}

@article{Boccaletti&al:2006,
  title={Complex networks: Structure and dynamics},
  author={Boccaletti, Stefano and Latora, Vito and Moreno, Yamir and Chavez, Martin and Hwang, D-U},
  journal={Physics reports},
  volume={424},
  number={4},
  pages={175--308},
  year={2006},
  publisher={Elsevier}
}

@book{Wasserman:1994,
  title={Social network analysis: Methods and applications},
  author={Wasserman, Stanley},
  volume={8},
  year={1994},
  publisher={Cambridge university press}
}